@misc{dataset_plants,
  author = {gorororororo23}, 
  title = {Plant Growth Data Classification},
  year = {2024}, 
  publisher = {Kaggle}, 
  howpublished = {\url{https://www.kaggle.com/datasets/gorororororo23/plant-growth-data-classification/data}},
}

@manual{sklearn_mutual_info,
  title        = {mutual\_info\_classif},
  author       = {scikit-learn developers},
  year         = {2025},
  howpublished = {API Reference},
  url          = {https://scikit-learn.org/stable/modules/generated/sklearn.feature_selection.mutual_info_classif.html},
}

@manual{sklearn_chi2,
  title        = {chi2},
  author       = {scikit-learn developers},
  year         = {2025},
  howpublished = {API Reference},
  url          = {https://scikit-learn.org/stable/modules/generated/sklearn.feature_selection.chi2.html#sklearn.feature_selection.chi2},
}

@manual{sklearn_svc,
  title        = {SVC},
  author       = {scikit-learn developers},
  year         = {2025},
  howpublished = {API Reference},
  url          = {https://scikit-learn.org/stable/modules/generated/sklearn.svm.SVC.html#sklearn.svm.SVC},
}

@manual{sklearn_forest,
  title        = {RandomForestClassifier},
  author       = {scikit-learn developers},
  year         = {2025},
  howpublished = {API Reference},
  url          = {https://scikit-learn.org/stable/modules/generated/sklearn.ensemble.RandomForestClassifier.html#sklearn.ensemble.RandomForestClassifier},
}

@manual{sklearn_adaboost,
  title        = {AdaBoostClassifier},
  author       = {scikit-learn developers},
  year         = {2025},
  howpublished = {API Reference},
  url          = {https://scikit-learn.org/stable/modules/generated/sklearn.ensemble.AdaBoostClassifier.html#sklearn.ensemble.AdaBoostClassifier},
}

@manual{sklearn_tree,
  title        = {DecisionTreeClassifier},
  author       = {scikit-learn developers},
  year         = {2025},
  howpublished = {API Reference},
  url          = {https://scikit-learn.org/stable/modules/generated/sklearn.tree.DecisionTreeClassifier.html},
}

@manual{sklearn_logistic,
  title        = {LogisticRegression},
  author       = {scikit-learn developers},
  year         = {2025},
  howpublished = {API Reference},
  url          = {https://scikit-learn.org/stable/modules/generated/sklearn.linear_model.LogisticRegression.html#sklearn.linear_model.LogisticRegression},
}

@manual{sklearn_knn,
  title        = {KNeighborsClassifier},
  author       = {scikit-learn developers},
  year         = {2025},
  howpublished = {API Reference},
  url          = {https://scikit-learn.org/stable/modules/generated/sklearn.neighbors.KNeighborsClassifier.html},
}